@misc{autopilot-ai,
  author  = {Kaveh Kakaei Nezhad},
  title   = {How AI Changes Auto Pilot System},
  url     = {https://www.linkedin.com/pulse/how-ai-changes-auto-pilot-system-kaveh-kakaei-nezhad-kav-/},
  urldate = {2023-09-07}
}
@misc{fpvtuning,
  author  = {Oscar Liang},
  title   = {Betaflight FPV Drone Tuning},
  url     = {https://oscarliang.com/fpv-drone-tuning/},
  urldate = {2023-09-07}
}
@misc{px4-autotuning,
  author  = {Pixhawk},
  title   = {Auto-tuning},
  url     = {https://docs.px4.io/main/en/config/autotune.html},
  urldate = {2023-09-07}
}
@misc{ardupilot-porting,
  author  = {ArduPilot},
  title   = {Porting to a new flight controller board},
  url     = {https://ardupilot.org/dev/docs/porting.html},
  urldate = {2023-09-07}
}
@misc{ardupilot-vs-betaflight-vs-inav,
  author  = {Painless360},
  title   = {Choosing between Betaflight. INAV and Ardupilot: A guide for new builders},
  url     = {https://www.youtube.com/watch?v=Y12tAXnGptY},
  urldate = {2023-09-07}
}